<?xml version="1.0" encoding="utf-8"?>
<marc:record>
  <marc:leader>01649nas a2200457 i 4500</marc:leader>
  <marc:controlfield tag="001">on1046681100</marc:controlfield>
  <marc:controlfield tag="003">OCoLC</marc:controlfield>
  <marc:controlfield tag="005">20180731121104.0</marc:controlfield>
  <marc:controlfield tag="006">m o d</marc:controlfield>
  <marc:controlfield tag="007">cr mn|||||||||</marc:controlfield>
  <marc:controlfield tag="008">180731c19869999orumr neo 0 0eng c</marc:controlfield>
  <marc:datafield tag="010" ind1="" ind2="">
    <marc:subfield code="a">2018260083</marc:subfield>
  </marc:datafield>
  <marc:datafield tag="040" ind1="" ind2="">
    <marc:subfield code="a">ORU</marc:subfield>
    <marc:subfield code="b">eng</marc:subfield>
    <marc:subfield code="e">rda</marc:subfield>
    <marc:subfield code="e">pn</marc:subfield>
    <marc:subfield code="c">ORU</marc:subfield>
  </marc:datafield>
  <marc:datafield tag="035" ind1="" ind2="">
    <marc:subfield code="a">(OCoLC)1046681100</marc:subfield>
  </marc:datafield>
  <marc:datafield tag="037" ind1="" ind2="">
    <marc:subfield code="b">CLR Publishing, Inc., 2825 NW Upshur St, Ste. C, Portland, OR 97210</marc:subfield>
  </marc:datafield>
  <marc:datafield tag="042" ind1="" ind2="">
    <marc:subfield code="a">pcc</marc:subfield>
  </marc:datafield>
  <marc:datafield tag="043" ind1="" ind2="">
    <marc:subfield code="a">n-us-or</marc:subfield>
  </marc:datafield>
  <marc:datafield tag="050" ind1="1" ind2="4">
    <marc:subfield code="a">F884.P8</marc:subfield>
  </marc:datafield>
  <marc:datafield tag="049" ind1="" ind2="">
    <marc:subfield code="a">ORUM</marc:subfield>
  </marc:datafield>
  <marc:datafield tag="245" ind1="0" ind2="0">
    <marc:subfield code="a">Northwest examiner.</marc:subfield>
  </marc:datafield>
  <marc:datafield tag="246" ind1="1" ind2="">
    <marc:subfield code="a">Examiner</marc:subfield>
  </marc:datafield>
  <marc:datafield tag="246" ind1="1" ind2="">
    <marc:subfield code="i">Issues for 2006 May- have title:</marc:subfield>
    <marc:subfield code="a">NW examiner</marc:subfield>
  </marc:datafield>
  <marc:datafield tag="264" ind1="" ind2="1">
    <marc:subfield code="3">1986-&lt;1993&gt;:</marc:subfield>
    <marc:subfield code="a">Portland, OR :</marc:subfield>
    <marc:subfield code="b">Allen Classen,</marc:subfield>
    <marc:subfield code="c">1986-</marc:subfield>
  </marc:datafield>
  <marc:datafield tag="264" ind1="3" ind2="1">
    <marc:subfield code="3">&lt;1994 May-&gt; :</marc:subfield>
    <marc:subfield code="a">Portland, OR :</marc:subfield>
    <marc:subfield code="b">CLR Publishing, Inc.</marc:subfield>
  </marc:datafield>
  <marc:datafield tag="300" ind1="" ind2="">
    <marc:subfield code="a">1 online resource</marc:subfield>
  </marc:datafield>
  <marc:datafield tag="310" ind1="" ind2="">
    <marc:subfield code="a">Monthly</marc:subfield>
  </marc:datafield>
  <marc:datafield tag="336" ind1="" ind2="">
    <marc:subfield code="a">text</marc:subfield>
    <marc:subfield code="b">txt</marc:subfield>
    <marc:subfield code="2">rdacontent</marc:subfield>
  </marc:datafield>
  <marc:datafield tag="336" ind1="" ind2="">
    <marc:subfield code="a">still image</marc:subfield>
    <marc:subfield code="b">sti</marc:subfield>
    <marc:subfield code="2">rdacontent</marc:subfield>
  </marc:datafield>
  <marc:datafield tag="337" ind1="" ind2="">
    <marc:subfield code="a">computer</marc:subfield>
    <marc:subfield code="b">c</marc:subfield>
    <marc:subfield code="2">rdamedia</marc:subfield>
  </marc:datafield>
  <marc:datafield tag="338" ind1="" ind2="">
    <marc:subfield code="a">online resource</marc:subfield>
    <marc:subfield code="b">cr</marc:subfield>
    <marc:subfield code="2">rdacarrier</marc:subfield>
  </marc:datafield>
  <marc:datafield tag="362" ind1="1" ind2="">
    <marc:subfield code="a">Began with Vol. 1, No. 1 (September 1986).</marc:subfield>
  </marc:datafield>
  <marc:datafield tag="500" ind1="" ind2="">
    <marc:subfield code="a">"The community newspaper of Northwest Portland."</marc:subfield>
  </marc:datafield>
  <marc:datafield tag="530" ind1="" ind2="">
    <marc:subfield code="a">Also issued on microfilm from University of Oregon.</marc:subfield>
  </marc:datafield>
  <marc:datafield tag="588" ind1="" ind2="">
    <marc:subfield code="a">Description based on print version record.</marc:subfield>
  </marc:datafield>
  <marc:datafield tag="588" ind1="" ind2="">
    <marc:subfield code="a">Latest issue consulted: Volume 31, No. 11 (July 2018) (publisher's Web site, viewed July 31, 2018).</marc:subfield>
  </marc:datafield>
  <marc:datafield tag="651" ind1="" ind2="0">
    <marc:subfield code="a">Portland (Or.)</marc:subfield>
    <marc:subfield code="v">Newspapers.</marc:subfield>
  </marc:datafield>
  <marc:datafield tag="655" ind1="" ind2="7">
    <marc:subfield code="a">Newspapers.</marc:subfield>
    <marc:subfield code="2">lcgft</marc:subfield>
  </marc:datafield>
  <marc:datafield tag="752" ind1="" ind2="">
    <marc:subfield code="a">United States</marc:subfield>
    <marc:subfield code="b">Oregon</marc:subfield>
    <marc:subfield code="c">Multnomah</marc:subfield>
    <marc:subfield code="d">Portland.</marc:subfield>
  </marc:datafield>
  <marc:datafield tag="776" ind1="0" ind2="8">
    <marc:subfield code="i">Print version :</marc:subfield>
    <marc:subfield code="t">Northwest examiner</marc:subfield>
    <marc:subfield code="w">(DLC)sn 00063677</marc:subfield>
    <marc:subfield code="w">(OCoLC)16118680</marc:subfield>
  </marc:datafield>
  <marc:datafield tag="856" ind1="4" ind2="0">
    <marc:subfield code="3">April 2010-</marc:subfield>
    <marc:subfield code="u">http://nwexaminer.com/all-issues</marc:subfield>
  </marc:datafield>
  <marc:datafield tag="994" ind1="" ind2="">
    <marc:subfield code="a">C0</marc:subfield>
    <marc:subfield code="b">ORU</marc:subfield>
  </marc:datafield>
</marc:record>
